<?xml version="1.0" encoding="UTF-8"?>
<OAI-PMH xmlns="http://www.openarchives.org/OAI/2.0/" xmlns:xsi="http://www.w3.org/2001/XMLSchema-instance" xsi:schemaLocation="http://www.openarchives.org/OAI/2.0/ http://www.openarchives.org/OAI/2.0/OAI-PMH.xsd">
  <responseDate>2020-12-18T21:30:30Z</responseDate>
  <request verb="GetRecord" metadataPrefix="marc21" identifier="oai:alma.01TRI_INST:991018960870604921">https://na04.alma.exlibrisgroup.com/view/oai/01TRI_INST/request</request>
  <GetRecord>
    <record>
      <header>
        <identifier>oai:alma.01TRI_INST:991018960870604921</identifier>
        <datestamp>2020-12-10T01:02:26Z</datestamp>
        <setSpec>BMC_bmc_ReShare_set_Bryn_Mawr</setSpec>
      </header>
      <metadata>
        <record xmlns="http://www.loc.gov/MARC21/slim" xmlns:xsi="http://www.w3.org/2001/XMLSchema-instance" xsi:schemaLocation="http://www.loc.gov/MARC21/slim http://www.loc.gov/standards/marcxml/schema/MARC21slim.xsd">
          <leader>06228cam a2200709 i 4500</leader>
          <controlfield tag="005">20200630135156.0</controlfield>
          <controlfield tag="008">190626t20202020nyu      b    001 0 eng  </controlfield>
          <controlfield tag="001">991018960870604921</controlfield>
          <datafield tag="010" ind1=" " ind2=" ">
            <subfield code="a">  2019020011</subfield>
          </datafield>
          <datafield tag="015" ind1=" " ind2=" ">
            <subfield code="a">GBB9E9904</subfield>
            <subfield code="2">bnb</subfield>
          </datafield>
          <datafield tag="016" ind1="7" ind2=" ">
            <subfield code="a">019529971</subfield>
            <subfield code="2">Uk</subfield>
          </datafield>
          <datafield tag="020" ind1=" " ind2=" ">
            <subfield code="a">9780367206628</subfield>
            <subfield code="q">hardcover</subfield>
          </datafield>
          <datafield tag="020" ind1=" " ind2=" ">
            <subfield code="a">0367206625</subfield>
            <subfield code="q">hardcover</subfield>
          </datafield>
          <datafield tag="020" ind1=" " ind2=" ">
            <subfield code="a">9780367206635</subfield>
            <subfield code="q">paperback</subfield>
          </datafield>
          <datafield tag="020" ind1=" " ind2=" ">
            <subfield code="a">0367206633</subfield>
            <subfield code="q">paperback</subfield>
          </datafield>
          <datafield tag="020" ind1=" " ind2=" ">
            <subfield code="z">9780429322792</subfield>
            <subfield code="q">electronic book</subfield>
          </datafield>
          <datafield tag="020" ind1=" " ind2=" ">
            <subfield code="z">9781000556605</subfield>
            <subfield code="q">electronic publication</subfield>
          </datafield>
          <datafield tag="020" ind1=" " ind2=" ">
            <subfield code="z">9781000546965</subfield>
            <subfield code="q">electronic book</subfield>
          </datafield>
          <datafield tag="020" ind1=" " ind2=" ">
            <subfield code="z">9781000551785</subfield>
            <subfield code="q">Mobipocket electronic book</subfield>
          </datafield>
          <datafield tag="035" ind1=" " ind2=" ">
            <subfield code="a">(OCoLC)1107063053</subfield>
          </datafield>
          <datafield tag="040" ind1=" " ind2=" ">
            <subfield code="a">DLC</subfield>
            <subfield code="b">eng</subfield>
            <subfield code="e">rda</subfield>
            <subfield code="c">DLC</subfield>
            <subfield code="d">OCLCO</subfield>
            <subfield code="d">OCLCF</subfield>
            <subfield code="d">UKMGB</subfield>
            <subfield code="d">TFW</subfield>
            <subfield code="d">YDX</subfield>
            <subfield code="d">MNW</subfield>
          </datafield>
          <datafield tag="042" ind1=" " ind2=" ">
            <subfield code="a">pcc</subfield>
          </datafield>
          <datafield tag="043" ind1=" " ind2=" ">
            <subfield code="a">e-uk---</subfield>
          </datafield>
          <datafield tag="049" ind1=" " ind2=" ">
            <subfield code="a">BMCC</subfield>
          </datafield>
          <datafield tag="050" ind1="0" ind2="0">
            <subfield code="a">PR6068.O93</subfield>
            <subfield code="b">Z625 2020</subfield>
          </datafield>
          <datafield tag="082" ind1="0" ind2="0">
            <subfield code="a">823/.914</subfield>
            <subfield code="2">23</subfield>
          </datafield>
          <datafield tag="090" ind1=" " ind2=" ">
            <subfield code="a">PR6068.O93</subfield>
            <subfield code="b">Z625 2020</subfield>
          </datafield>
          <datafield tag="245" ind1="0" ind2="0">
            <subfield code="a">Cultural politics in Harry Potter :</subfield>
            <subfield code="b">life, death and the politics of fear /</subfield>
            <subfield code="c">edited by Rubén Jarazo-Álvarez and Pilar Alderete-Diez.</subfield>
          </datafield>
          <datafield tag="264" ind1=" " ind2="1">
            <subfield code="a">New York, NY :</subfield>
            <subfield code="b">Routledge</subfield>
            <subfield code="c">2020.</subfield>
          </datafield>
          <datafield tag="264" ind1=" " ind2="4">
            <subfield code="c">©2020</subfield>
          </datafield>
          <datafield tag="300" ind1=" " ind2=" ">
            <subfield code="a">xviii, 223 pages ;</subfield>
            <subfield code="c">23 cm</subfield>
          </datafield>
          <datafield tag="336" ind1=" " ind2=" ">
            <subfield code="a">text</subfield>
            <subfield code="b">txt</subfield>
            <subfield code="2">rdacontent</subfield>
          </datafield>
          <datafield tag="337" ind1=" " ind2=" ">
            <subfield code="a">unmediated</subfield>
            <subfield code="b">n</subfield>
            <subfield code="2">rdamedia</subfield>
          </datafield>
          <datafield tag="338" ind1=" " ind2=" ">
            <subfield code="a">volume</subfield>
            <subfield code="b">nc</subfield>
            <subfield code="2">rdacarrier</subfield>
          </datafield>
          <datafield tag="504" ind1=" " ind2=" ">
            <subfield code="a">Includes bibliographical references and index.</subfield>
          </datafield>
          <datafield tag="520" ind1=" " ind2=" ">
            <subfield code="a">"Cultural politics in Harry Potter: life, death and politics of fear is the first book-length analysis of topics such as death, fear and biopolitics in J. K. Rowling's work from controversial and interdisciplinary perspectives. This collection brings together recent theoretical and applied cultural studies and focuses on three key areas of inquiry: wizarding biopolitics and intersected discourses; anxiety, death, resilience and trauma; and politics of fear and postmodern transformations. As such this book: - provides a comprehensive overview of national and gender discourses, as well as the transiting bodies in-between, in relation to the Harry Potter books series and related multimedia franchise; - situates the transformative power of death within the fandom, transmedia and film depictions of the Potterverse and critically deconstructs the processes of subjectivation and legitimation of death and fear; - examines the strategies and mechanisms through which cultural and political processes are managed, as well as reminding us how fiction and reality intersect at junctions such as terrorism, homonationalism, materialism, capitalism, posthumanism and technology. Exploring precisely what is cultural about wizarding politics, and what is political about culture, Cultural Politics in Harry Potter is key reading for students of contemporary literature, media and culture, as well as anyone with an interest in the fictional universe and Wizarding World of Harry Potter"--</subfield>
            <subfield code="c">Provided by publisher.</subfield>
          </datafield>
          <datafield tag="505" ind1="0" ind2=" ">
            <subfield code="a">Wizarding (bio)politics and intersected discourses. The chosen one(s): ethnic election and contemporary English national identity in J.K. Rowling's Harry Potter Series / Chellyce Birch -- Squibs, disability and having a place at Hogwarts School of witchcraft and wizardry / Maureen Saraco -- A magic manic pixie dream girl? Luna Lovegood and the concept of postfeminism / Maria Nilson -- "Like an old tale": art and transformation in the Harry Potter novels and The Winter's Tale / Mary Villeponteaux -- Death culture, trauma and anxiety. Death sells: relatable death in the Harry Potter novels / Breanna Mroczek --The last enemy: Harry Potter and western anxiety about death / Christina Hitchcock -- "A story about how humans are frightened of death": Harry Potter, death and the cultural imagination / Anna Mackenzie -- Arthur, Harry and the late mother: from T.H. White to J.K. Rowling / Justine Breton -- King's Cross: Harry Potter and the transformative power of pain and suffering / Anne Frances N. Sangil -- When spares are spared: innocent bystanders and survivor's guilt in Harry Potter and the Cursed Child / Jessica Seymour -- Death culture, literary references and postmodern sacred elements in Harry Potter as a transmedia franchise / María Isabel Escalas-Ruiz -- Death and how to deal with it in the Harry Potter series / Pilar Alderete-Diez -- Trauma, the politics of fear and postmodern transformations. Al-Qa'ida and the Horcruxes: quests for immortality by violent extremist organizations and Lord Voldemort / Neil D. Shortland and John Anthony Dunne -- Gender, sexuality and war on terror in Harry Potter and Fantastic Beasts and Where to Find Them / Rubén Jarazo-Álvarez -- Magic as technological utopia? Unpacking issues of interactivity and infrastructuring in the Potterverse / Luigina Ciolfi -- Flirting with posthuman technologies in Harry Potter: Overconsumption of a good thing - technology as magic / Maryann Nguyen.</subfield>
          </datafield>
          <datafield tag="650" ind1=" " ind2="0">
            <subfield code="a">Literature and society</subfield>
            <subfield code="z">Great Britain</subfield>
            <subfield code="x">History</subfield>
            <subfield code="y">20th century.</subfield>
          </datafield>
          <datafield tag="650" ind1=" " ind2="0">
            <subfield code="a">Literature and society</subfield>
            <subfield code="z">Great Britain</subfield>
            <subfield code="x">History</subfield>
            <subfield code="y">21st century.</subfield>
          </datafield>
          <datafield tag="650" ind1=" " ind2="0">
            <subfield code="a">Politics and literature</subfield>
            <subfield code="z">Great Britain</subfield>
            <subfield code="x">History</subfield>
            <subfield code="y">20th century.</subfield>
          </datafield>
          <datafield tag="650" ind1=" " ind2="0">
            <subfield code="a">Politics and literature</subfield>
            <subfield code="z">Great Britain</subfield>
            <subfield code="x">History</subfield>
            <subfield code="y">21st century.</subfield>
          </datafield>
          <datafield tag="650" ind1=" " ind2="7">
            <subfield code="a">Literature and society.</subfield>
            <subfield code="2">fast</subfield>
            <subfield code="0">(OCoLC)fst01000096</subfield>
          </datafield>
          <datafield tag="650" ind1=" " ind2="7">
            <subfield code="a">Politics and literature.</subfield>
            <subfield code="2">fast</subfield>
            <subfield code="0">(OCoLC)fst01069960</subfield>
          </datafield>
          <datafield tag="651" ind1=" " ind2="7">
            <subfield code="a">Great Britain.</subfield>
            <subfield code="2">fast</subfield>
            <subfield code="0">(OCoLC)fst01204623</subfield>
          </datafield>
          <datafield tag="655" ind1=" " ind2="7">
            <subfield code="a">Criticism, interpretation, etc.</subfield>
            <subfield code="2">fast</subfield>
            <subfield code="0">(OCoLC)fst01411635</subfield>
          </datafield>
          <datafield tag="655" ind1=" " ind2="7">
            <subfield code="a">History.</subfield>
            <subfield code="2">fast</subfield>
            <subfield code="0">(OCoLC)fst01411628</subfield>
          </datafield>
          <datafield tag="600" ind1="1" ind2="0">
            <subfield code="a">Rowling, J. K.</subfield>
            <subfield code="x">Criticism and interpretation.</subfield>
          </datafield>
          <datafield tag="600" ind1="1" ind2="0">
            <subfield code="a">Rowling, J. K.</subfield>
            <subfield code="t">Harry Potter series.</subfield>
          </datafield>
          <datafield tag="600" ind1="1" ind2="0">
            <subfield code="a">Potter, Harry</subfield>
            <subfield code="c">(Fictitious character)</subfield>
          </datafield>
          <datafield tag="600" ind1="1" ind2="7">
            <subfield code="a">Potter, Harry</subfield>
            <subfield code="c">(Fictitious character)</subfield>
            <subfield code="2">fast</subfield>
            <subfield code="0">(OCoLC)fst01073565</subfield>
          </datafield>
          <datafield tag="600" ind1="1" ind2="7">
            <subfield code="a">Rowling, J. K.</subfield>
            <subfield code="2">fast</subfield>
            <subfield code="0">(OCoLC)fst00401675</subfield>
          </datafield>
          <datafield tag="630" ind1="0" ind2="7">
            <subfield code="a">Harry Potter series (Rowling, J. K.)</subfield>
            <subfield code="2">fast</subfield>
            <subfield code="0">(OCoLC)fst01914044</subfield>
          </datafield>
          <datafield tag="648" ind1=" " ind2="7">
            <subfield code="a">1900-2099</subfield>
            <subfield code="2">fast</subfield>
          </datafield>
          <datafield tag="700" ind1="1" ind2=" ">
            <subfield code="a">Jarazo Álvarez, Rubén,</subfield>
            <subfield code="e">editor.</subfield>
          </datafield>
          <datafield tag="700" ind1="1" ind2=" ">
            <subfield code="a">Alderete-Diez, Pilar,</subfield>
            <subfield code="e">editor.</subfield>
          </datafield>
          <datafield tag="902" ind1=" " ind2=" ">
            <subfield code="a">POL-14524</subfield>
          </datafield>
          <datafield tag="903" ind1=" " ind2=" ">
            <subfield code="b">31796009199726</subfield>
            <subfield code="j">bc</subfield>
            <subfield code="l">bc</subfield>
          </datafield>
          <datafield tag="904" ind1=" " ind2=" ">
            <subfield code="a">200109</subfield>
            <subfield code="b">4495</subfield>
            <subfield code="e">4113</subfield>
            <subfield code="f">304423</subfield>
            <subfield code="g">1</subfield>
            <subfield code="k">99982673773</subfield>
          </datafield>
          <datafield tag="905" ind1=" " ind2=" ">
            <subfield code="b">BF270</subfield>
          </datafield>
          <datafield tag="976" ind1=" " ind2=" ">
            <subfield code="a">BOCLCDONE</subfield>
          </datafield>
          <datafield tag="979" ind1=" " ind2=" ">
            <subfield code="a">(OCoLC)1107063053</subfield>
          </datafield>
          <datafield tag="994" ind1=" " ind2=" ">
            <subfield code="a">C0</subfield>
            <subfield code="b">BMC</subfield>
          </datafield>
          <datafield tag="900" ind1="0" ind2=" ">
            <subfield code="b">bc</subfield>
            <subfield code="d">bc</subfield>
            <subfield code="f">PR6068.O93</subfield>
            <subfield code="f">Z625 2020</subfield>
            <subfield code="8">22276198400004921</subfield>
          </datafield>
          <datafield tag="995" ind1=" " ind2=" ">
            <subfield code="ff">22276198400004921</subfield>
            <subfield code="u">1</subfield>
            <subfield code="j">0</subfield>
            <subfield code="aa">bc</subfield>
            <subfield code="t">BOOK</subfield>
            <subfield code="s">31796009199726</subfield>
            <subfield code="z">bc</subfield>
            <subfield code="a">23276198390004921</subfield>
            <subfield code="c">0</subfield>
            <subfield code="bb">PR6068.O93 Z625 2020</subfield>
            <subfield code="v">false</subfield>
            <subfield code="b">1</subfield>
            <subfield code="h">bc</subfield>
            <subfield code="i">bc</subfield>
          </datafield>
        </record>
      </metadata>
    </record>
  </GetRecord>
</OAI-PMH>
